<record><leader>00000cas a2200000 a 4500</leader><controlfield tag="001">15299774</controlfield><controlfield tag="008">870311d19871989ncudn ne      0   a0eng d</controlfield><datafield ind1=" " ind2=" " tag="010"><subfield code="a">sn 96086028 </subfield></datafield><datafield ind1=" " ind2=" " tag="040"><subfield code="a">NCS</subfield><subfield code="b">eng</subfield><subfield code="c">NCS</subfield><subfield code="d">NSD</subfield><subfield code="d">NVJ</subfield><subfield code="d">OCL</subfield><subfield code="d">OCLCQ</subfield></datafield><datafield ind1=" " ind2=" " tag="042"><subfield code="a">msc</subfield></datafield><datafield ind1="0" ind2=" " tag="130"><subfield code="a">Times (Thomasville, N.C. : 1987)</subfield></datafield><datafield ind1="1" ind2="4" tag="245"><subfield code="a">The times.</subfield></datafield><datafield ind1=" " ind2=" " tag="260"><subfield code="a">Thomasville, N.C. :</subfield><subfield code="b">[High Point Enterprise?],</subfield><subfield code="c">1987-</subfield></datafield><datafield ind1=" " ind2=" " tag="300"><subfield code="a">v. :</subfield><subfield code="b">ill. ;</subfield><subfield code="c">58 cm.</subfield></datafield><datafield ind1=" " ind2=" " tag="310"><subfield code="a">Daily (except Sun.)</subfield></datafield><datafield ind1="0" ind2=" " tag="362"><subfield code="a">96th yr., no. 130 (Feb. 27, 1987)-98th yr., no. 215 (June 3, 1989).</subfield></datafield><datafield ind1=" " ind2=" " tag="500"><subfield code="a">"An independent newspaper"--Feb. 27, 1987, p. 4A.</subfield></datafield><datafield ind1=" " ind2=" " tag="752"><subfield code="a">United States</subfield><subfield code="b">North Carolina</subfield><subfield code="c">Davidson</subfield><subfield code="d">Thomasville.</subfield></datafield><datafield ind1="0" ind2="0" tag="780"><subfield code="t">Morning times (Thomasville, N.C.)</subfield><subfield code="w">(DLC)sn 93064760</subfield><subfield code="w">(OCoLC)13222740</subfield></datafield><datafield ind1="0" ind2="0" tag="785"><subfield code="t">Thomasville times (Thomasville, N.C. : 1989)</subfield><subfield code="x">1068-1523</subfield><subfield code="w">(DLC)sn 93003647</subfield></datafield><datafield ind1="1" ind2=" " tag="029"><subfield code="a">AU@</subfield><subfield code="b">000012923887</subfield></datafield></record>